@article{Campbell:2006wx, 
author = "Campbell, John M. and Huston, J.W. and Stirling, W.J.", 
title = "{Hard Interactions of Quarks and Gluons: A Primer for LHC Physics}", 
journal = "Rept.Prog.Phys.", 
volume = "70", 
pages = "89", 
doi = "10.1088/0034-4885/70/1/R02", 
year = "2007", 
eprint = "hep-ph/0611148", 
archivePrefix = "arXiv", 
primaryClass = "hep-ph" 
}



