
  	
@article{1748-0221-8-04-P04013,
  author={The CMS collaboration},
  title={Identification of b-quark jets with the CMS experiment},
  journal={Journal of Instrumentation},
  volume={8},
  number={04},
  pages={P04013},
  url={http://stacks.iop.org/1748-0221/8/i=04/a=P04013},
  year={2013}
}
	